@TechReport{GM,
author = {George Merticariu},
title = {Array {DBMS} Benchmarking Framework},
institution = {Jacobs University},
year = {2014}
}


@ONLINE{libhilbert,
author = {Chris Hamilton},
title = {Compact {H}ilbert {I}ndex {L}ibrary},
month = ian,
year = {2015},
url = {https://web.cs.dal.ca/~chamilto/hilbert/},
note = {Retrieved December 6, 2014 \url{https://web.cs.dal.ca/~chamilto/hilbert/}},
}

@ONLINE{boost,
author = {Boost Community},
title = {Boost library},
month = ian,
year = {2015},
url = {http://www.boost.org/},
note = {Retrieved December 6, 2014 \url{http://www.boost.org/}},
}


@article{Hamilton:2008:CHI:1330769.1330914,
 author = {Hamilton, Chris H. and Rau-Chaplin, Andrew},
 title = {Compact {H}ilbert {I}ndices: {S}pace-filling {C}urves for {D}omains with {U}nequal {S}ide {L}engths},
 journal = {Inf. Process. Lett.},
 issue_date = {February, 2008},
 volume = {105},
 number = {5},
 month = feb,
 year = {2008},
 issn = {0020-0190},
 pages = {155--163},
 numpages = {9},
 url = {http://dx.doi.org/10.1016/j.ipl.2007.08.034},
 doi = {10.1016/j.ipl.2007.08.034},
 acmid = {1330914},
 publisher = {Elsevier North-Holland, Inc.},
 address = {Amsterdam, The Netherlands, The Netherlands},
 keywords = {Algorithms, Hilbert curves, Space filling curves},
} 

@inproceedings{Guttman:1984:RDI:602259.602266,
 author = {Guttman, Antonin},
 title = {R-trees: {A} {D}ynamic {I}ndex {S}tructure for {S}patial {S}earching},
 booktitle = {Proceedings of the 1984 ACM SIGMOD International Conference on Management of Data},
 series = {SIGMOD '84},
 year = {1984},
 isbn = {0-89791-128-8},
 location = {Boston, Massachusetts},
 pages = {47--57},
 numpages = {11},
 url = {http://doi.acm.org/10.1145/602259.602266},
 doi = {10.1145/602259.602266},
 acmid = {602266},
 publisher = {ACM},
 address = {New York, NY, USA},
} 

@article{Comer:1979:UB:356770.356776,
 author = {Comer, Douglas},
 title = {Ubiquitous {B}-Tree},
 journal = {ACM Comput. Surv.},
 issue_date = {June 1979},
 volume = {11},
 number = {2},
 month = jun,
 year = {1979},
 issn = {0360-0300},
 pages = {121--137},
 numpages = {17},
 url = {http://doi.acm.org/10.1145/356770.356776},
 doi = {10.1145/356770.356776},
 acmid = {356776},
 publisher = {ACM},
 address = {New York, NY, USA},
} 


@inproceedings{Faloutsos:1989:FSK:73721.73746,
 author = {Faloutsos, C. and Roseman, S.},
 title = {Fractals for {S}econdary {K}ey {R}etrieval},
 booktitle = {Proceedings of the Eighth ACM SIGACT-SIGMOD-SIGART Symposium on Principles of Database Systems},
 series = {PODS '89},
 year = {1989},
 isbn = {0-89791-308-6},
 location = {Philadelphia, Pennsylvania, USA},
 pages = {247--252},
 numpages = {6},
 url = {http://doi.acm.org/10.1145/73721.73746},
 doi = {10.1145/73721.73746},
 acmid = {73746},
 publisher = {ACM},
 address = {New York, NY, USA},
} 

@article{Faloutsos:1988:GCP:53064.53065,
 author = {Faloutsos, C.},
 title = {Gray {C}odes for {P}artial {M}atch and {R}ange {Q}ueries},
 journal = {IEEE Trans. Softw. Eng.},
 issue_date = {October 1988},
 volume = {14},
 number = {10},
 month = oct,
 year = {1988},
 issn = {0098-5589},
 pages = {1381--1393},
 numpages = {13},
 url = {http://dx.doi.org/10.1109/32.6184},
 doi = {10.1109/32.6184},
 acmid = {53065},
 publisher = {IEEE Press},
 address = {Piscataway, NJ, USA},
 keywords = {Gray codes, I/O time, buckets, database theory, distance-preserving functions, file organisation, grid file, mathematical model, multiattribute hashing, partial match, range queries, record signatures, retrieval methods},
} 


@book {MR1299533,
    AUTHOR = {Sagan, Hans},
     TITLE = {Space-filling curves},
    SERIES = {Universitext},
 PUBLISHER = {Springer-Verlag, New York},
      YEAR = {1994},
     PAGES = {xvi+193},
      ISBN = {0-387-94265-3},
   MRCLASS = {00A05 (01A55 01A60 26-02)},
  MRNUMBER = {1299533 (95h:00001)},
MRREVIEWER = {Ryszard J. Pa{\.w}lak},
       DOI = {10.1007/978-1-4612-0871-6},
       URL = {http://dx.doi.org/10.1007/978-1-4612-0871-6},
}

@inproceedings{DBLP:conf/icde/FurtadoB99,
  author    = {Paula Furtado and
               Peter Baumann},
  title     = {Storage of {M}ultidimensional {A}rrays {B}ased on {A}rbitrary {T}iling},
  booktitle = {Proceedings of the 15th International Conference on Data Engineering,
               Sydney, Austrialia, March 23-26, 1999},
  pages     = {480--489},
  year      = {1999},
  crossref  = {DBLP:conf/icde/99},
  url       = {http://dx.doi.org/10.1109/ICDE.1999.754964},
  doi       = {10.1109/ICDE.1999.754964},
  timestamp = {Sat, 09 Aug 2014 14:37:16 +0200},
  biburl    = {http://dblp.uni-trier.de/rec/bib/conf/icde/FurtadoB99},
  bibsource = {dblp computer science bibliography, http://dblp.org}
}

@INPROCEEDINGS{Roussopoulos85directspatial,
    author = {Nick Roussopoulos and Daniel Leifker},
    title = {Direct spatial search on pictorial databases using packed R-trees},
    booktitle = {Proc. ACM SIGMOD},
    year = {1985}
}

@book{Manolopoulos:2005:RTA:1098699,
 author = {Manolopoulos, Yannis and Nanopoulos, Alexandros and Papadopoulos, Apostolos N. and Theodoridis, Y.},
 title = {R-Trees: {T}heory and {A}pplications ({A}dvanced {I}nformation and {K}nowledge {P}rocessing)},
 year = {2005},
 isbn = {1852339772},
 publisher = {Springer-Verlag New York, Inc.},
 address = {Secaucus, NJ, USA},
} 

@misc{rasdaman-tiling,
author = {nn},
title = {Rasdaman tiling example},
note = {Accessed: 2014-10-15},
howpublished={\url{http://en.wikipedia.org/wiki/Rasdaman#mediaviewer/File:Sample_tiling_of_an_array_for_storage_in_rasdaman.png}},
}  

@misc{rasdaman,
author = {nn},
title = {rasdaman - raster data manager},
note = {Accessed: 2014-10-15},
howpublished={\url{http://rasdaman.org/}},
}  

@article{Baumann:1994:MMD:615204.615207,
 author = {Baumann, Peter},
 title = {Management of {M}ultidimensional {D}iscrete {D}ata},
 journal = {The VLDB Journal},
 issue_date = {October 1994},
 volume = {3},
 number = {4},
 month = oct,
 year = {1994},
 issn = {1066-8888},
 pages = {401--444},
 numpages = {44},
 url = {http://dl.acm.org/citation.cfm?id=615204.615207},
 acmid = {615207},
 publisher = {Springer-Verlag New York, Inc.},
 address = {Secaucus, NJ, USA},
 keywords = {Multimedia database systems, image database systems, spatial index, tiling},
} 

@misc{spfc,
author = {nn},
title = {Space filling curves},
note = {Accessed: 2014-10-15},
howpublished={\url{http://en.wikipedia.org/wiki/Space-filling_curve}},
}  


@inproceedings{Sellis:1987:RDI:645914.671636,
 author = {Sellis, Timos K. and Roussopoulos, Nick and Faloutsos, Christos},
 title = {The {R}+-Tree: {A} {D}ynamic {I}ndex for {M}ulti-{D}imensional {O}bjects},
 booktitle = {Proceedings of the 13th International Conference on Very Large Data Bases},
 series = {VLDB '87},
 year = {1987},
 isbn = {0-934613-46-X},
 pages = {507--518},
 numpages = {12},
 url = {http://dl.acm.org/citation.cfm?id=645914.671636},
 acmid = {671636},
 publisher = {Morgan Kaufmann Publishers Inc.},
 address = {San Francisco, CA, USA}
} 


@inproceedings{Kamel:1994:HRI:645920.673001,
 author = {Kamel, Ibrahim and Faloutsos, Christos},
 title = {Hilbert {R}-tree: {A}n {I}mproved {R}-tree {U}sing {F}ractals},
 booktitle = {Proceedings of the 20th International Conference on Very Large Data Bases},
 series = {VLDB '94},
 year = {1994},
 isbn = {1-55860-153-8},
 pages = {500--509},
 numpages = {10},
 url = {http://dl.acm.org/citation.cfm?id=645920.673001},
 acmid = {673001},
 publisher = {Morgan Kaufmann Publishers Inc.},
 address = {San Francisco, CA, USA}
} 

@article{Tropf81Multidimensional,
    author = {Tropf, H. and Herzog, H.},
    citeulike-article-id = {2715350},
    journal = {Angewandte Informatik},
    keywords = {file-import-08-04-25, objects, spatial},
    posted-at = {2008-04-25 02:50:52},
    priority = {2},
    title = {{Multidimensional {R}ange {S}earch in {D}ynamically {B}alanced {T}rees}},
    year = {1981}
}



